@book{RL,
  title={Reinforcement learning: An introduction},
  author={Sutton, Richard S and Barto, Andrew G and others},
  volume={1},
  year={1998},
  publisher={MIT press Cambridge}
}

@article{MDP,
  title={Markov decision processes},
  author={Puterman, Martin L},
  journal={Handbooks in operations research and management science},
  volume={2},
  pages={331--434},
  year={1990},
  publisher={Elsevier}
}

@inproceedings{TRPO,
  title={Trust region policy optimization},
  author={Schulman, John and Levine, Sergey and Abbeel, Pieter and Jordan, Michael and Moritz, Philipp},
  booktitle={International conference on machine learning},
  pages={1889--1897},
  year={2015},
  organization={PMLR}
}

@article{PPO,
  title={Proximal policy optimization algorithms},
  author={Schulman, John and Wolski, Filip and Dhariwal, Prafulla and Radford, Alec and Klimov, Oleg},
  journal={arXiv preprint arXiv:1707.06347},
  year={2017}
}

@inproceedings{SAC1,
  title={Soft actor-critic: Off-policy maximum entropy deep reinforcement learning with a stochastic actor},
  author={Haarnoja, Tuomas and Zhou, Aurick and Abbeel, Pieter and Levine, Sergey},
  booktitle={International conference on machine learning},
  pages={1861--1870},
  year={2018},
  organization={PMLR}
}

@article{SAC2,
  title={Soft actor-critic algorithms and applications},
  author={Haarnoja, Tuomas and Zhou, Aurick and Hartikainen, Kristian and Tucker, George and Ha, Sehoon and Tan, Jie and Kumar, Vikash and Zhu, Henry and Gupta, Abhishek and Abbeel, Pieter and others},
  journal={arXiv preprint arXiv:1812.05905},
  year={2018}
}

@article{SAC3,
  title={Soft actor-critic for discrete action settings},
  author={Christodoulou, Petros},
  journal={arXiv preprint arXiv:1910.07207},
  year={2019}
}

@book{CMDP,
  title={Constrained Markov decision processes},
  author={Altman, Eitan},
  year={2021},
  publisher={Routledge}
}

@article{PPO-Lagrangian,
  title={Benchmarking safe exploration in deep reinforcement learning},
  author={Ray, Alex and Achiam, Joshua and Amodei, Dario},
  journal={arXiv preprint arXiv:1910.01708},
  volume={7},
  number={1},
  pages={2},
  year={2019}
}

@article{FAC,
  title={Feasible actor-critic: Constrained reinforcement learning for ensuring statewise safety},
  author={Ma, Haitong and Guan, Yang and Li, Shegnbo Eben and Zhang, Xiangteng and Zheng, Sifa and Chen, Jianyu},
  journal={arXiv preprint arXiv:2105.10682},
  year={2021}
}